@string{june = {June}}

@article{10.1093/mnras/stx2082,
 adsnote = {Provided by the SAO/NASA Astrophysics Data System},
 adsurl = {https://ui.adsabs.harvard.edu/abs/2017MNRAS.472.2126K},
 archiveprefix = {arXiv},
 author = {{Kilbinger}, Martin and {Heymans}, Catherine and {Asgari}, Marika and
{Joudaki}, Shahab and {Schneider}, Peter and {Simon}, Patrick and
{Van Waerbeke}, Ludovic and {Harnois-D{\'e}raps}, Joachim and {Hildebrand
t}, Hendrik and {K{\"o}hlinger}, Fabian and {Kuijken}, Konrad and
{Viola}, Massimo},
 doi = {10.1093/mnras/stx2082},
 eprint = {1702.05301},
 journal = {\mnras},
 keywords = {methods: statistical - cosmological parameters, Astrophysics - Cosmology and Nongalactic Astrophysics},
 month = {Dec},
 number = {2},
 pages = {2126-2141},
 primaryclass = {astro-ph.CO},
 title = {{Precision calculations of the cosmic shear power spectrum projection}},
 volume = {472},
 year = {2017}
}

@article{1992ApJ...388..272K,
 adsnote = {Provided by the SAO/NASA Astrophysics Data System},
 adsurl = {https://ui.adsabs.harvard.edu/abs/1992ApJ...388..272K},
 author = {{Kaiser}, Nick},
 doi = {10.1086/171151},
 journal = {\apj},
 keywords = {Galactic Clusters, Galactic Structure, Gravitational Lenses, Mass Distribution, Power Spectra, Quasars, Spatial Distribution, Universe, Astrophysics, COSMOLOGY: GRAVITATIONAL LENSING},
 month = {Apr},
 pages = {272},
 title = {{Weak Gravitational Lensing of Distant Galaxies}},
 volume = {388},
 year = {1992}
}

@article{2001PhR...340..291B,
 adsnote = {Provided by the SAO/NASA Astrophysics Data System},
 adsurl = {https://ui.adsabs.harvard.edu/abs/2001PhR...340..291B},
 archiveprefix = {arXiv},
 author = {{Bartelmann}, M. and {Schneider}, P.},
 doi = {10.1016/S0370-1573(00)00082-X},
 eprint = {astro-ph/9912508},
 journal = {\physrep},
 keywords = {Astrophysics},
 month = {Jan},
 number = {4-5},
 pages = {291-472},
 primaryclass = {astro-ph},
 title = {{Weak gravitational lensing}},
 volume = {340},
 year = {2001}
}

@article{2002A&A...389..729S,
 adsnote = {Provided by the SAO/NASA Astrophysics Data System},
 adsurl = {https://ui.adsabs.harvard.edu/abs/2002A&A...389..729S},
 archiveprefix = {arXiv},
 author = {{Schneider}, P. and {van Waerbeke}, L. and {Mellier}, Y.},
 doi = {10.1051/0004-6361:20020626},
 eprint = {astro-ph/0112441},
 journal = {\aap},
 keywords = {cosmology, gravitational lensing, large-scale structure of the Universe, Astrophysics},
 month = {Jul},
 pages = {729-741},
 primaryclass = {astro-ph},
 title = {{B-modes in cosmic shear from source redshift clustering}},
 volume = {389},
 year = {2002}
}

@article{2002A&A...396....1S,
 adsnote = {Provided by the SAO/NASA Astrophysics Data System},
 adsurl = {https://ui.adsabs.harvard.edu/abs/2002A&A...396....1S},
 archiveprefix = {arXiv},
 author = {{Schneider}, P. and {van Waerbeke}, L. and {Kilbinger}, M. and
{Mellier}, Y.},
 doi = {10.1051/0004-6361:20021341},
 eprint = {astro-ph/0206182},
 journal = {\aap},
 keywords = {dark matter, gravitational lensing, large-scale structure of the Universe, Astrophysics},
 month = {Dec},
 pages = {1-19},
 primaryclass = {astro-ph},
 title = {{Analysis of two-point statistics of cosmic shear. I. Estimators and covariances}},
 volume = {396},
 year = {2002}
}

@article{2002ApJ...568...20C,
 adsnote = {Provided by the SAO/NASA Astrophysics Data System},
 adsurl = {https://ui.adsabs.harvard.edu/abs/2002ApJ...568...20C},
 archiveprefix = {arXiv},
 author = {{Crittenden}, Robert G. and {Natarajan}, Priyamvada and {Pen}, Ue-Li and
{Theuns}, Tom},
 doi = {10.1086/338838},
 eprint = {astro-ph/0012336},
 journal = {\apj},
 keywords = {Cosmology: Cosmic Microwave Background, Cosmology: Theory, Cosmology: Gravitational Lensing, Astrophysics},
 month = {Mar},
 number = {1},
 pages = {20-27},
 primaryclass = {astro-ph},
 title = {{Discriminating Weak Lensing from Intrinsic Spin Correlations Using the Curl-Gradient Decomposition}},
 volume = {568},
 year = {2002}
}

@article{2006APh....26...91V,
 adsnote = {Provided by the SAO/NASA Astrophysics Data System},
 adsurl = {https://ui.adsabs.harvard.edu/abs/2006APh....26...91V},
 archiveprefix = {arXiv},
 author = {{Van Waerbeke}, L. and {White}, M. and {Hoekstra}, H. and {Heymans}, C.},
 doi = {10.1016/j.astropartphys.2006.05.008},
 eprint = {astro-ph/0603696},
 journal = {Astroparticle Physics},
 keywords = {Astrophysics},
 month = {Sep},
 number = {2},
 pages = {91-101},
 primaryclass = {astro-ph},
 title = {{Redshift and shear calibration: Impact on cosmic shear studies and survey design}},
 volume = {26},
 year = {2006}
}

@article{2010A&A...520A.116S,
 adsnote = {Provided by the SAO/NASA Astrophysics Data System},
 adsurl = {https://ui.adsabs.harvard.edu/abs/2010A&A...520A.116S},
 archiveprefix = {arXiv},
 author = {{Schneider}, P. and {Eifler}, T. and {Krause}, E.},
 doi = {10.1051/0004-6361/201014235},
 eid = {A116},
 eprint = {1002.2136},
 journal = {\aap},
 keywords = {large-scale structure of Universe, gravitational lensing: weak, cosmological parameters, methods: statistical, Astrophysics - Cosmology and Nongalactic Astrophysics},
 month = {Sep},
 pages = {A116},
 primaryclass = {astro-ph.CO},
 title = {{COSEBIs: Extracting the full E-/B-mode information from cosmic shear correlation functions}},
 volume = {520},
 year = {2010}
}

@article{2012ApJ...761..152T,
 adsnote = {Provided by the SAO/NASA Astrophysics Data System},
 adsurl = {https://ui.adsabs.harvard.edu/abs/2012ApJ...761..152T},
 archiveprefix = {arXiv},
 author = {{Takahashi}, Ryuichi and {Sato}, Masanori and {Nishimichi}, Takahiro and
{Taruya}, Atsushi and {Oguri}, Masamune},
 doi = {10.1088/0004-637X/761/2/152},
 eid = {152},
 eprint = {1208.2701},
 journal = {\apj},
 keywords = {cosmology: theory, large-scale structure of universe, methods: numerical, Astrophysics - Cosmology and Nongalactic Astrophysics, General Relativity and Quantum Cosmology},
 month = {Dec},
 number = {2},
 pages = {152},
 primaryclass = {astro-ph.CO},
 title = {{Revising the Halofit Model for the Nonlinear Matter Power Spectrum}},
 volume = {761},
 year = {2012}
}

@article{2013MNRAS.432.2433H,
 adsnote = {Provided by the SAO/NASA Astrophysics Data System},
 adsurl = {https://ui.adsabs.harvard.edu/abs/2013MNRAS.432.2433H},
 archiveprefix = {arXiv},
 author = {{Heymans}, Catherine and {Grocutt}, Emma and {Heavens}, Alan and
{Kilbinger}, Martin and {Kitching}, Thomas D. and {Simpson}, Fergus and
{Benjamin}, Jonathan and {Erben}, Thomas and {Hildebrandt}, Hendrik and
{Hoekstra}, Henk and {Mellier}, Yannick and {Miller}, Lance and
{Van Waerbeke}, Ludovic and {Brown}, Michael L. and {Coupon}, Jean and
{Fu}, Liping and {Harnois-D{\'e}raps}, Joachim and
{Hudson}, Michael J. and {Kuijken}, Konrad and {Rowe}, Barnaby and
{Schrabback}, Tim and {Semboloni}, Elisabetta and {Vafaei}, Sanaz and
{Velander}, Malin},
 doi = {10.1093/mnras/stt601},
 eprint = {1303.1808},
 journal = {\mnras},
 keywords = {cosmology: observations, Astrophysics - Cosmology and Nongalactic Astrophysics},
 month = {Jul},
 number = {3},
 pages = {2433-2453},
 primaryclass = {astro-ph.CO},
 title = {{CFHTLenS tomographic weak lensing cosmological parameter constraints: Mitigating the impact of intrinsic galaxy alignments}},
 volume = {432},
 year = {2013}
}

@article{2014PhRvL.112e1303B,
 adsnote = {Provided by the SAO/NASA Astrophysics Data System},
 adsurl = {https://ui.adsabs.harvard.edu/abs/2014PhRvL.112e1303B},
 archiveprefix = {arXiv},
 author = {{Battye}, Richard A. and {Moss}, Adam},
 doi = {10.1103/PhysRevLett.112.051303},
 eid = {051303},
 eprint = {1308.5870},
 journal = {\prl},
 keywords = {98.80.Es, 14.60.Pq, 98.62.Sb, 98.70.Vc, Observational cosmology, Neutrino mass and mixing, Gravitational lenses and luminous arcs, Background radiations, Astrophysics - Cosmology and Nongalactic Astrophysics},
 month = {Feb},
 number = {5},
 pages = {051303},
 primaryclass = {astro-ph.CO},
 title = {{Evidence for Massive Neutrinos from Cosmic Microwave Background and Lensing Observations}},
 volume = {112},
 year = {2014}
}

@article{2016A&A...594A..14P,
 adsnote = {Provided by the SAO/NASA Astrophysics Data System},
 adsurl = {https://ui.adsabs.harvard.edu/abs/2016A&A...594A..14P},
 archiveprefix = {arXiv},
 author = {{Planck Collaboration} and {Ade}, P.~A.~R. and {Aghanim}, N. and
{Arnaud}, M. and {Ashdown}, M. and {Aumont}, J. and {Baccigalupi}, C. and
{Banday}, A.~J. and {Barreiro}, R.~B. and {Bartolo}, N. and
{Battaner}, E. and {Battye}, R. and {Benabed}, K. and
{Beno{\^\i}t}, A. and {Benoit-L{\'e}vy}, A. and {Bernard}, J. -P. and
{Bersanelli}, M. and {Bielewicz}, P. and {Bock}, J.~J. and
{Bonaldi}, A. and {Bonavera}, L. and {Bond}, J.~R. and {Borrill}, J. and
{Bouchet}, F.~R. and {Bucher}, M. and {Burigana}, C. and
{Butler}, R.~C. and {Calabrese}, E. and {Cardoso}, J. -F. and
{Catalano}, A. and {Challinor}, A. and {Chamballu}, A. and
{Chiang}, H.~C. and {Christensen}, P.~R. and {Church}, S. and
{Clements}, D.~L. and {Colombi}, S. and {Colombo}, L.~P.~L. and
{Combet}, C. and {Couchot}, F. and {Coulais}, A. and {Crill}, B.~P. and
{Curto}, A. and {Cuttaia}, F. and {Danese}, L. and {Davies}, R.~D. and
{Davis}, R.~J. and {de Bernardis}, P. and {de Rosa}, A. and
{de Zotti}, G. and {Delabrouille}, J. and {D{\'e}sert}, F. -X. and
{Diego}, J.~M. and {Dole}, H. and {Donzelli}, S. and {Dor{\'e}}, O. and
{Douspis}, M. and {Ducout}, A. and {Dupac}, X. and {Efstathiou}, G. and
{Elsner}, F. and {En{\ss}lin}, T.~A. and {Eriksen}, H.~K. and
{Fergusson}, J. and {Finelli}, F. and {Forni}, O. and {Frailis}, M. and
{Fraisse}, A.~A. and {Franceschi}, E. and {Frejsel}, A. and
{Galeotta}, S. and {Galli}, S. and {Ganga}, K. and {Giard}, M. and
{Giraud-H{\'e}raud}, Y. and {Gjerl{\o}w}, E. and
{Gonz{\'a}lez-Nuevo}, J. and {G{\'o}rski}, K.~M. and {Gratton}, S. and
{Gregorio}, A. and {Gruppuso}, A. and {Gudmundsson}, J.~E. and
{Hansen}, F.~K. and {Hanson}, D. and {Harrison}, D.~L. and
{Heavens}, A. and {Helou}, G. and {Henrot-Versill{\'e}}, S. and
{Hern{\'a}ndez-Monteagudo}, C. and {Herranz}, D. and {Hildebrand
t}, S.~R. and {Hivon}, E. and {Hobson}, M. and {Holmes}, W.~A. and
{Hornstrup}, A. and {Hovest}, W. and {Huang}, Z. and
{Huffenberger}, K.~M. and {Hurier}, G. and {Jaffe}, A.~H. and
{Jaffe}, T.~R. and {Jones}, W.~C. and {Juvela}, M. and
{Keih{\"a}nen}, E. and {Keskitalo}, R. and {Kisner}, T.~S. and
{Knoche}, J. and {Kunz}, M. and {Kurki-Suonio}, H. and {Lagache}, G. and
{L{\"a}hteenm{\"a}ki}, A. and {Lamarre}, J. -M. and {Lasenby}, A. and
{Lattanzi}, M. and {Lawrence}, C.~R. and {Leonardi}, R. and
{Lesgourgues}, J. and {Levrier}, F. and {Lewis}, A. and {Liguori}, M. and
{Lilje}, P.~B. and {Linden-V{\o}rnle}, M. and {L{\'o}pez-Caniego}, M. and
{Lubin}, P.~M. and {Ma}, Y. -Z. and {Mac{\'\i}as-P{\'e}rez}, J.~F. and
{Maggio}, G. and {Maino}, D. and {Mandolesi}, N. and {Mangilli}, A. and
{Marchini}, A. and {Maris}, M. and {Martin}, P.~G. and
{Martinelli}, M. and {Mart{\'\i}nez-Gonz{\'a}lez}, E. and {Masi}, S. and
{Matarrese}, S. and {McGehee}, P. and {Meinhold}, P.~R. and
{Melchiorri}, A. and {Mendes}, L. and {Mennella}, A. and
{Migliaccio}, M. and {Mitra}, S. and {Miville-Desch{\^e}nes}, M. -A. and
{Moneti}, A. and {Montier}, L. and {Morgante}, G. and {Mortlock}, D. and
{Moss}, A. and {Munshi}, D. and {Murphy}, J.~A. and {Narimani}, A. and
{Naselsky}, P. and {Nati}, F. and {Natoli}, P. and
{Netterfield}, C.~B. and {N{\o}rgaard-Nielsen}, H.~U. and
{Noviello}, F. and {Novikov}, D. and {Novikov}, I. and
{Oxborrow}, C.~A. and {Paci}, F. and {Pagano}, L. and {Pajot}, F. and
{Paoletti}, D. and {Pasian}, F. and {Patanchon}, G. and
{Pearson}, T.~J. and {Perdereau}, O. and {Perotto}, L. and
{Perrotta}, F. and {Pettorino}, V. and {Piacentini}, F. and {Piat}, M. and
{Pierpaoli}, E. and {Pietrobon}, D. and {Plaszczynski}, S. and
{Pointecouteau}, E. and {Polenta}, G. and {Popa}, L. and
{Pratt}, G.~W. and {Pr{\'e}zeau}, G. and {Prunet}, S. and
{Puget}, J. -L. and {Rachen}, J.~P. and {Reach}, W.~T. and
{Rebolo}, R. and {Reinecke}, M. and {Remazeilles}, M. and
{Renault}, C. and {Renzi}, A. and {Ristorcelli}, I. and {Rocha}, G. and
{Rosset}, C. and {Rossetti}, M. and {Roudier}, G. and
{Rowan-Robinson}, M. and {Rubi{\~n}o-Mart{\'\i}n}, J.~A. and
{Rusholme}, B. and {Salvatelli}, V. and {Sandri}, M. and {Santos}, D. and
{Savelainen}, M. and {Savini}, G. and {Schaefer}, B.~M. and
{Scott}, D. and {Seiffert}, M.~D. and {Shellard}, E.~P.~S. and
{Spencer}, L.~D. and {Stolyarov}, V. and {Stompor}, R. and
{Sudiwala}, R. and {Sunyaev}, R. and {Sutton}, D. and
{Suur-Uski}, A. -S. and {Sygnet}, J. -F. and {Tauber}, J.~A. and
{Terenzi}, L. and {Toffolatti}, L. and {Tomasi}, M. and {Tristram}, M. and
{Tucci}, M. and {Tuovinen}, J. and {Valenziano}, L. and
{Valiviita}, J. and {Van Tent}, B. and {Viel}, M. and {Vielva}, P. and
{Villa}, F. and {Wade}, L.~A. and {Wandelt}, B.~D. and {Wehus}, I.~K. and
{White}, M. and {Yvon}, D. and {Zacchei}, A. and {Zonca}, A.},
 doi = {10.1051/0004-6361/201525814},
 eid = {A14},
 eprint = {1502.01590},
 journal = {\aap},
 keywords = {dark energy, cosmic background radiation, cosmology: theory, gravitation, Astrophysics - Cosmology and Nongalactic Astrophysics},
 month = {Sep},
 pages = {A14},
 primaryclass = {astro-ph.CO},
 title = {{Planck 2015 results. XIV. Dark energy and modified gravity}},
 volume = {594},
 year = {2016}
}

@article{2016ApJ...818..132A,
 adsnote = {Provided by the SAO/NASA Astrophysics Data System},
 adsurl = {https://ui.adsabs.harvard.edu/abs/2016ApJ...818..132A},
 archiveprefix = {arXiv},
 author = {{Addison}, G.~E. and {Huang}, Y. and {Watts}, D.~J. and
{Bennett}, C.~L. and {Halpern}, M. and {Hinshaw}, G. and {Weiland
}, J.~L.},
 doi = {10.3847/0004-637X/818/2/132},
 eid = {132},
 eprint = {1511.00055},
 journal = {\apj},
 keywords = {cosmic background radiation, cosmological parameters, cosmology: observations, Astrophysics - Cosmology and Nongalactic Astrophysics},
 month = {Feb},
 number = {2},
 pages = {132},
 primaryclass = {astro-ph.CO},
 title = {{Quantifying Discordance in the 2015 Planck CMB Spectrum}},
 volume = {818},
 year = {2016}
}

@article{2016MNRAS.459..971K,
 adsnote = {Provided by the SAO/NASA Astrophysics Data System},
 adsurl = {https://ui.adsabs.harvard.edu/abs/2016MNRAS.459..971K},
 archiveprefix = {arXiv},
 author = {{Kitching}, Thomas D. and {Verde}, Licia and {Heavens}, Alan F. and
{Jimenez}, Raul},
 doi = {10.1093/mnras/stw707},
 eprint = {1602.02960},
 journal = {\mnras},
 keywords = {gravitational lensing: weak, cosmological parameters, Astrophysics - Cosmology and Nongalactic Astrophysics},
 month = {Jun},
 number = {1},
 pages = {971-981},
 primaryclass = {astro-ph.CO},
 title = {{Discrepancies between CFHTLenS cosmic shear and Planck: new physics or systematic effects?}},
 volume = {459},
 year = {2016}
}

@article{2017MNRAS.465.1454H,
 adsnote = {Provided by the SAO/NASA Astrophysics Data System},
 adsurl = {https://ui.adsabs.harvard.edu/abs/2017MNRAS.465.1454H},
 archiveprefix = {arXiv},
 author = {{Hildebrandt}, H. and {Viola}, M. and {Heymans}, C. and {Joudaki}, S. and
{Kuijken}, K. and {Blake}, C. and {Erben}, T. and {Joachimi}, B. and
{Klaes}, D. and {Miller}, L. and {Morrison}, C.~B. and {Nakajima}, R. and
{Verdoes Kleijn}, G. and {Amon}, A. and {Choi}, A. and {Covone}, G. and
{de Jong}, J.~T.~A. and {Dvornik}, A. and {Fenech Conti}, I. and
{Grado}, A. and {Harnois-D{\'e}raps}, J. and {Herbonnet}, R. and
{Hoekstra}, H. and {K{\"o}hlinger}, F. and {McFarland}, J. and
{Mead}, A. and {Merten}, J. and {Napolitano}, N. and {Peacock}, J.~A. and
{Radovich}, M. and {Schneider}, P. and {Simon}, P. and
{Valentijn}, E.~A. and {van den Busch}, J.~L. and {van Uitert}, E. and
{Van Waerbeke}, L.},
 doi = {10.1093/mnras/stw2805},
 eprint = {1606.05338},
 journal = {\mnras},
 keywords = {gravitational lensing: weak, surveys, galaxies: photometry, cosmology: observations, Astrophysics - Cosmology and Nongalactic Astrophysics},
 month = {Feb},
 number = {2},
 pages = {1454-1498},
 primaryclass = {astro-ph.CO},
 title = {{KiDS-450: cosmological parameter constraints from tomographic weak gravitational lensing}},
 volume = {465},
 year = {2017}
}

@article{2017MNRAS.471.1259J,
 adsnote = {Provided by the SAO/NASA Astrophysics Data System},
 adsurl = {https://ui.adsabs.harvard.edu/abs/2017MNRAS.471.1259J},
 archiveprefix = {arXiv},
 author = {{Joudaki}, Shahab and {Mead}, Alexander and {Blake}, Chris and
{Choi}, Ami and {de Jong}, Jelte and {Erben}, Thomas and
{Fenech Conti}, Ian and {Herbonnet}, Ricardo and {Heymans}, Catherine and
{Hildebrandt}, Hendrik and {Hoekstra}, Henk and {Joachimi}, Benjamin and
{Klaes}, Dominik and {K{\"o}hlinger}, Fabian and {Kuijken}, Konrad and
{McFarland}, John and {Miller}, Lance and {Schneider}, Peter and
{Viola}, Massimo},
 doi = {10.1093/mnras/stx998},
 eprint = {1610.04606},
 journal = {\mnras},
 keywords = {gravitational lensing: weak, surveys, cosmology: theory, Astrophysics - Cosmology and Nongalactic Astrophysics},
 month = {Oct},
 number = {2},
 pages = {1259-1279},
 primaryclass = {astro-ph.CO},
 title = {{KiDS-450: testing extensions to the standard cosmological model}},
 volume = {471},
 year = {2017}
}

@article{2017MNRAS.471.4412K,
 adsnote = {Provided by the SAO/NASA Astrophysics Data System},
 adsurl = {https://ui.adsabs.harvard.edu/abs/2017MNRAS.471.4412K},
 archiveprefix = {arXiv},
 author = {{K{\"o}hlinger}, F. and {Viola}, M. and {Joachimi}, B. and
{Hoekstra}, H. and {van Uitert}, E. and {Hildebrandt}, H. and
{Choi}, A. and {Erben}, T. and {Heymans}, C. and {Joudaki}, S. and
{Klaes}, D. and {Kuijken}, K. and {Merten}, J. and {Miller}, L. and
{Schneider}, P. and {Valentijn}, E.~A.},
 doi = {10.1093/mnras/stx1820},
 eprint = {1706.02892},
 journal = {\mnras},
 keywords = {gravitational lensing: weak, cosmological parameters, cosmology: observations, large-scale structure of Universe, Astrophysics - Cosmology and Nongalactic Astrophysics},
 month = {Nov},
 number = {4},
 pages = {4412-4435},
 primaryclass = {astro-ph.CO},
 title = {{KiDS-450: the tomographic weak lensing power spectrum and constraints on cosmological parameters}},
 volume = {471},
 year = {2017}
}

@article{2018arXiv180706209P,
 adsnote = {Provided by the SAO/NASA Astrophysics Data System},
 adsurl = {https://ui.adsabs.harvard.edu/abs/2018arXiv180706209P},
 archiveprefix = {arXiv},
 author = {{Planck Collaboration} and {Aghanim}, N. and {Akrami}, Y. and
{Ashdown}, M. and {Aumont}, J. and {Baccigalupi}, C. and
{Ballardini}, M. and {Banday}, A.~J. and {Barreiro}, R.~B. and
{Bartolo}, N. and {Basak}, S. and {Battye}, R. and {Benabed}, K. and
{Bernard}, J. -P. and {Bersanelli}, M. and {Bielewicz}, P. and
{Bock}, J.~J. and {Bond}, J.~R. and {Borrill}, J. and {Bouchet}, F.~R. and
{Boulanger}, F. and {Bucher}, M. and {Burigana}, C. and
{Butler}, R.~C. and {Calabrese}, E. and {Cardoso}, J. -F. and
{Carron}, J. and {Challinor}, A. and {Chiang}, H.~C. and {Chluba}, J. and
{Colombo}, L.~P.~L. and {Combet}, C. and {Contreras}, D. and
{Crill}, B.~P. and {Cuttaia}, F. and {de Bernardis}, P. and
{de Zotti}, G. and {Delabrouille}, J. and {Delouis}, J. -M. and
{Di Valentino}, E. and {Diego}, J.~M. and {Dor{\'e}}, O. and
{Douspis}, M. and {Ducout}, A. and {Dupac}, X. and {Dusini}, S. and
{Efstathiou}, G. and {Elsner}, F. and {En{\ss}lin}, T.~A. and
{Eriksen}, H.~K. and {Fantaye}, Y. and {Farhang}, M. and
{Fergusson}, J. and {Fernandez-Cobos}, R. and {Finelli}, F. and
{Forastieri}, F. and {Frailis}, M. and {Franceschi}, E. and
{Frolov}, A. and {Galeotta}, S. and {Galli}, S. and {Ganga}, K. and
{G{\'e}nova-Santos}, R.~T. and {Gerbino}, M. and {Ghosh}, T. and
{Gonz{\'a}lez-Nuevo}, J. and {G{\'o}rski}, K.~M. and {Gratton}, S. and
{Gruppuso}, A. and {Gudmundsson}, J.~E. and {Hamann}, J. and {Hand
ley}, W. and {Herranz}, D. and {Hivon}, E. and {Huang}, Z. and
{Jaffe}, A.~H. and {Jones}, W.~C. and {Karakci}, A. and
{Keih{\"a}nen}, E. and {Keskitalo}, R. and {Kiiveri}, K. and {Kim}, J. and
{Kisner}, T.~S. and {Knox}, L. and {Krachmalnicoff}, N. and {Kunz}, M. and
{Kurki-Suonio}, H. and {Lagache}, G. and {Lamarre}, J. -M. and
{Lasenby}, A. and {Lattanzi}, M. and {Lawrence}, C.~R. and
{Le Jeune}, M. and {Lemos}, P. and {Lesgourgues}, J. and {Levrier}, F. and
{Lewis}, A. and {Liguori}, M. and {Lilje}, P.~B. and {Lilley}, M. and
{Lindholm}, V. and {L{\'o}pez-Caniego}, M. and {Lubin}, P.~M. and
{Ma}, Y. -Z. and {Mac{\'\i}as-P{\'e}rez}, J.~F. and {Maggio}, G. and
{Maino}, D. and {Mandolesi}, N. and {Mangilli}, A. and
{Marcos-Caballero}, A. and {Maris}, M. and {Martin}, P.~G. and
{Martinelli}, M. and {Mart{\'\i}nez-Gonz{\'a}lez}, E. and
{Matarrese}, S. and {Mauri}, N. and {McEwen}, J.~D. and
{Meinhold}, P.~R. and {Melchiorri}, A. and {Mennella}, A. and
{Migliaccio}, M. and {Millea}, M. and {Mitra}, S. and
{Miville-Desch{\^e}nes}, M. -A. and {Molinari}, D. and {Montier}, L. and
{Morgante}, G. and {Moss}, A. and {Natoli}, P. and
{N{\o}rgaard-Nielsen}, H.~U. and {Pagano}, L. and {Paoletti}, D. and
{Partridge}, B. and {Patanchon}, G. and {Peiris}, H.~V. and
{Perrotta}, F. and {Pettorino}, V. and {Piacentini}, F. and
{Polastri}, L. and {Polenta}, G. and {Puget}, J. -L. and
{Rachen}, J.~P. and {Reinecke}, M. and {Remazeilles}, M. and
{Renzi}, A. and {Rocha}, G. and {Rosset}, C. and {Roudier}, G. and
{Rubi{\~n}o-Mart{\'\i}n}, J.~A. and {Ruiz-Granados}, B. and
{Salvati}, L. and {Sandri}, M. and {Savelainen}, M. and {Scott}, D. and
{Shellard}, E.~P.~S. and {Sirignano}, C. and {Sirri}, G. and
{Spencer}, L.~D. and {Sunyaev}, R. and {Suur-Uski}, A. -S. and
{Tauber}, J.~A. and {Tavagnacco}, D. and {Tenti}, M. and
{Toffolatti}, L. and {Tomasi}, M. and {Trombetti}, T. and
{Valenziano}, L. and {Valiviita}, J. and {Van Tent}, B. and
{Vibert}, L. and {Vielva}, P. and {Villa}, F. and {Vittorio}, N. and {Wand
elt}, B.~D. and {Wehus}, I.~K. and {White}, M. and {White}, S.~D.~M. and
{Zacchei}, A. and {Zonca}, A.},
 eid = {arXiv:1807.06209},
 eprint = {1807.06209},
 journal = {arXiv e-prints},
 keywords = {Astrophysics - Cosmology and Nongalactic Astrophysics},
 month = {Jul},
 pages = {arXiv:1807.06209},
 primaryclass = {astro-ph.CO},
 title = {{Planck 2018 results. VI. Cosmological parameters}},
 year = {2018}
}

@article{2018arXiv180909148H,
 adsnote = {Provided by the SAO/NASA Astrophysics Data System},
 adsurl = {https://ui.adsabs.harvard.edu/abs/2019PASJ...71...43H},
 archiveprefix = {arXiv},
 author = {{Hikage}, Chiaki and {Oguri}, Masamune and {Hamana}, Takashi and
{More}, Surhud and {Mandelbaum}, Rachel and {Takada}, Masahiro and
{K{\"o}hlinger}, Fabian and {Miyatake}, Hironao and
{Nishizawa}, Atsushi J. and {Aihara}, Hiroaki and {Armstrong}, Robert and
{Bosch}, James and {Coupon}, Jean and {Ducout}, Anne and {Ho}, Paul and
{Hsieh}, Bau-Ching and {Komiyama}, Yutaka and
{Lanusse}, Fran{\c{c}}ois and {Leauthaud}, Alexie and
{Lupton}, Robert H. and {Medezinski}, Elinor and {Mineo}, Sogo and
{Miyama}, Shoken and {Miyazaki}, Satoshi and {Murata}, Ryoma and
{Murayama}, Hitoshi and {Shirasaki}, Masato and
{Sif{\'o}n}, Crist{\'o}bal and {Simet}, Melanie and {Speagle}, Joshua and
{Spergel}, David N. and {Strauss}, Michael A. and {Sugiyama}, Naoshi and
{Tanaka}, Masayuki and {Utsumi}, Yousuke and {Wang}, Shiang-Yu and
{Yamada}, Yoshihiko},
 doi = {10.1093/pasj/psz010},
 eid = {43},
 eprint = {1809.09148},
 journal = {\pasj},
 keywords = {dark matter, gravitational lensing: weak, large-scale structure of universe, Astrophysics - Cosmology and Nongalactic Astrophysics},
 month = {Apr},
 number = {2},
 pages = {43},
 primaryclass = {astro-ph.CO},
 title = {{Cosmology from cosmic shear power spectra with Subaru Hyper Suprime-Cam first-year data}},
 volume = {71},
 year = {2019}
}

@article{2018arXiv181002353A,
 adsnote = {Provided by the SAO/NASA Astrophysics Data System},
 adsurl = {https://ui.adsabs.harvard.edu/abs/2019A&A...624A.134A},
 archiveprefix = {arXiv},
 author = {{Asgari}, Marika and {Heymans}, Catherine and {Hildebrandt}, Hendrik and
{Miller}, Lance and {Schneider}, Peter and {Amon}, Alexandra and
{Choi}, Ami and {Erben}, Thomas and {Georgiou}, Christos and
{Harnois-Deraps}, Joachim and {Kuijken}, Konrad},
 doi = {10.1051/0004-6361/201834379},
 eid = {A134},
 eprint = {1810.02353},
 journal = {\aap},
 keywords = {gravitational lensing: weak, methods: data analysis, methods: statistical, surveys, cosmology: observations, Astrophysics - Cosmology and Nongalactic Astrophysics},
 month = {Apr},
 pages = {A134},
 primaryclass = {astro-ph.CO},
 title = {{Consistent cosmic shear in the face of systematics: a B-mode analysis of KiDS-450, DES-SV and CFHTLenS}},
 volume = {624},
 year = {2019}
}

@article{2018arXiv181206076H,
 adsnote = {Provided by the SAO/NASA Astrophysics Data System},
 adsurl = {https://ui.adsabs.harvard.edu/abs/2018arXiv181206076H},
 archiveprefix = {arXiv},
 author = {{Hildebrandt}, H. and {K{\"o}hlinger}, F. and {van den Busch}, J.~L. and
{Joachimi}, B. and {Heymans}, C. and {Kannawadi}, A. and
{Wright}, A.~H. and {Asgari}, M. and {Blake}, C. and {Hoekstra}, H. and
{Joudaki}, S. and {Kuijken}, K. and {Miller}, L. and {Morrison}, C.~B. and
{Tr{\"o}ster}, T. and {Amon}, A. and {Archidiacono}, M. and
{Brieden}, S. and {Choi}, A. and {de Jong}, J.~T.~A. and {Erben}, T. and
{Giblin}, B. and {Mead}, A. and {Peacock}, J.~A. and {Radovich}, M. and
{Schneider}, P. and {Sif{\'o}n}, C. and {Tewes}, M.},
 eid = {arXiv:1812.06076},
 eprint = {1812.06076},
 journal = {arXiv e-prints},
 keywords = {Astrophysics - Cosmology and Nongalactic Astrophysics},
 month = {Dec},
 pages = {arXiv:1812.06076},
 primaryclass = {astro-ph.CO},
 title = {{KiDS+VIKING-450: Cosmic shear tomography with optical+infrared data}},
 year = {2018}
}

@article{2018MNRAS.481.1337H,
 adsnote = {Provided by the SAO/NASA Astrophysics Data System},
 adsurl = {https://ui.adsabs.harvard.edu/abs/2018MNRAS.481.1337H},
 archiveprefix = {arXiv},
 author = {{Harnois-D{\'e}raps}, J. and {Amon}, A. and {Choi}, A. and
{Demchenko}, V. and {Heymans}, C. and {Kannawadi}, A. and
{Nakajima}, R. and {Sirks}, E. and {van Waerbeke}, L. and
{Cai}, Yan-Chuan and {Giblin}, B. and {Hildebrandt}, H. and
{Hoekstra}, H. and {Miller}, L. and {Tr{\"o}ster}, T.},
 doi = {10.1093/mnras/sty2319},
 eprint = {1805.04511},
 journal = {\mnras},
 keywords = {gravitational lensing: weak, methods: numerical, dark matter, large-scale structure of Universe, Astrophysics - Cosmology and Nongalactic Astrophysics},
 month = {Nov},
 number = {1},
 pages = {1337-1367},
 primaryclass = {astro-ph.CO},
 title = {{Cosmological simulations for combined-probe analyses: covariance and neighbour-exclusion bias}},
 volume = {481},
 year = {2018}
}

@article{2018PhRvD..98d3528T,
 adsnote = {Provided by the SAO/NASA Astrophysics Data System},
 adsurl = {https://ui.adsabs.harvard.edu/abs/2018PhRvD..98d3528T},
 archiveprefix = {arXiv},
 author = {{Troxel}, M.~A. and {MacCrann}, N. and {Zuntz}, J. and {Eifler}, T.~F. and
{Krause}, E. and {Dodelson}, S. and {Gruen}, D. and {Blazek}, J. and
{Friedrich}, O. and {Samuroff}, S. and {Prat}, J. and {Secco}, L.~F. and
{Davis}, C. and {Fert{\'e}}, A. and {DeRose}, J. and {Alarcon}, A. and
{Amara}, A. and {Baxter}, E. and {Becker}, M.~R. and
{Bernstein}, G.~M. and {Bridle}, S.~L. and {Cawthon}, R. and
{Chang}, C. and {Choi}, A. and {De Vicente}, J. and
{Drlica-Wagner}, A. and {Elvin-Poole}, J. and {Frieman}, J. and
{Gatti}, M. and {Hartley}, W.~G. and {Honscheid}, K. and {Hoyle}, B. and
{Huff}, E.~M. and {Huterer}, D. and {Jain}, B. and {Jarvis}, M. and
{Kacprzak}, T. and {Kirk}, D. and {Kokron}, N. and {Krawiec}, C. and
{Lahav}, O. and {Liddle}, A.~R. and {Peacock}, J. and {Rau}, M.~M. and
{Refregier}, A. and {Rollins}, R.~P. and {Rozo}, E. and
{Rykoff}, E.~S. and {S{\'a}nchez}, C. and {Sevilla-Noarbe}, I. and
{Sheldon}, E. and {Stebbins}, A. and {Varga}, T.~N. and {Vielzeuf}, P. and
{Wang}, M. and {Wechsler}, R.~H. and {Yanny}, B. and
{Abbott}, T.~M.~C. and {Abdalla}, F.~B. and {Allam}, S. and
{Annis}, J. and {Bechtol}, K. and {Benoit-L{\'e}vy}, A. and
{Bertin}, E. and {Brooks}, D. and {Buckley-Geer}, E. and
{Burke}, D.~L. and {Carnero Rosell}, A. and {Carrasco Kind}, M. and
{Carretero}, J. and {Castander}, F.~J. and {Crocce}, M. and
{Cunha}, C.~E. and {D'Andrea}, C.~B. and {da Costa}, L.~N. and
{DePoy}, D.~L. and {Desai}, S. and {Diehl}, H.~T. and
{Dietrich}, J.~P. and {Doel}, P. and {Fernandez}, E. and
{Flaugher}, B. and {Fosalba}, P. and {Garc{\'\i}a-Bellido}, J. and
{Gaztanaga}, E. and {Gerdes}, D.~W. and {Giannantonio}, T. and
{Goldstein}, D.~A. and {Gruendl}, R.~A. and {Gschwend}, J. and
{Gutierrez}, G. and {James}, D.~J. and {Jeltema}, T. and
{Johnson}, M.~W.~G. and {Johnson}, M.~D. and {Kent}, S. and
{Kuehn}, K. and {Kuhlmann}, S. and {Kuropatkin}, N. and {Li}, T.~S. and
{Lima}, M. and {Lin}, H. and {Maia}, M.~A.~G. and {March}, M. and
{Marshall}, J.~L. and {Martini}, P. and {Melchior}, P. and
{Menanteau}, F. and {Miquel}, R. and {Mohr}, J.~J. and {Neilsen}, E. and
{Nichol}, R.~C. and {Nord}, B. and {Petravick}, D. and {Plazas}, A.~A. and
{Romer}, A.~K. and {Roodman}, A. and {Sako}, M. and {Sanchez}, E. and
{Scarpine}, V. and {Schindler}, R. and {Schubnell}, M. and {Smith}, M. and
{Smith}, R.~C. and {Soares-Santos}, M. and {Sobreira}, F. and
{Suchyta}, E. and {Swanson}, M.~E.~C. and {Tarle}, G. and {Thomas}, D. and
{Tucker}, D.~L. and {Vikram}, V. and {Walker}, A.~R. and {Weller}, J. and
{Zhang}, Y. and {DES Collaboration}},
 doi = {10.1103/PhysRevD.98.043528},
 eid = {043528},
 eprint = {1708.01538},
 journal = {\prd},
 keywords = {Astrophysics - Cosmology and Nongalactic Astrophysics},
 month = {Aug},
 number = {4},
 pages = {043528},
 primaryclass = {astro-ph.CO},
 title = {{Dark Energy Survey Year 1 results: Cosmological constraints from cosmic shear}},
 volume = {98},
 year = {2018}
}

@article{2019arXiv190109488S,
 adsnote = {Provided by the SAO/NASA Astrophysics Data System},
 adsurl = {https://ui.adsabs.harvard.edu/abs/2019MNRAS.486...52S},
 archiveprefix = {arXiv},
 author = {{Shirasaki}, Masato and {Hamana}, Takashi and {Takada}, Masahiro and
{Takahashi}, Ryuichi and {Miyatake}, Hironao},
 doi = {10.1093/mnras/stz791},
 eprint = {1901.09488},
 journal = {\mnras},
 keywords = {gravitational lensing: weak, method: numerical, cosmology: observations, Astrophysics - Cosmology and Nongalactic Astrophysics},
 month = {Jun},
 number = {1},
 pages = {52-69},
 primaryclass = {astro-ph.CO},
 title = {{Mock galaxy shape catalogues in the Subaru Hyper Suprime-Cam Survey}},
 volume = {486},
 year = {2019}
}

@article{2019arXiv190207439B,
 adsnote = {Provided by the SAO/NASA Astrophysics Data System},
 adsurl = {https://ui.adsabs.harvard.edu/abs/2019arXiv190207439B},
 archiveprefix = {arXiv},
 author = {{Blake}, Chris},
 eid = {arXiv:1902.07439},
 eprint = {1902.07439},
 journal = {arXiv e-prints},
 keywords = {Astrophysics - Cosmology and Nongalactic Astrophysics},
 month = {Feb},
 pages = {arXiv:1902.07439},
 primaryclass = {astro-ph.CO},
 title = {{Power spectrum modelling of galaxy and radio intensity maps including observational effects}},
 year = {2019}
}

@article{Ivezic:2008,
 adsnote = {Provided by the SAO/NASA Astrophysics Data System},
 adsurl = {https://ui.adsabs.harvard.edu/abs/2008SerAJ.176....1I},
 author = {{Ivezic}, Z. and {Axelrod}, T. and {Brandt}, W.~N. and {Burke}, D.~L. and
{Claver}, C.~F. and {Connolly}, A. and {Cook}, K.~H. and {Gee}, P. and
{Gilmore}, D.~K. and {Jacoby}, S.~H.},
 doi = {10.2298/SAJ0876001I},
 journal = {Serbian Astronomical Journal},
 keywords = {Astronomical data bases: miscellaneous, Atlases, Catalogs, Surveys, Solar system: general, Stars: general, Galaxy: general, Galaxies: general, Cosmology: miscellaneous},
 month = {Jun},
 pages = {1-13},
 title = {{Large Synoptic Survey Telescope: From Science Drivers To Reference Design}},
 volume = {176},
 year = {2008}
}

@article{Laureijs:2011,
 adsnote = {Provided by the SAO/NASA Astrophysics Data System},
 adsurl = {https://ui.adsabs.harvard.edu/abs/2011arXiv1110.3193L},
 archiveprefix = {arXiv},
 author = {{Laureijs}, R. and {Amiaux}, J. and {Arduini}, S. and
{Augu{\`e}res}, J. -L. and {Brinchmann}, J. and {Cole}, R. and
{Cropper}, M. and {Dabin}, C. and {Duvet}, L. and {Ealet}, A.},
 eid = {arXiv:1110.3193},
 eprint = {1110.3193},
 journal = {arXiv e-prints},
 keywords = {Astrophysics - Cosmology and Extragalactic Astrophysics, Astrophysics - Galaxy Astrophysics},
 month = {Oct},
 pages = {arXiv:1110.3193},
 primaryclass = {astro-ph.CO},
 title = {{Euclid Definition Study Report}},
 year = {2011}
}

@article{Troxel:2015,
 adsnote = {Provided by the SAO/NASA Astrophysics Data System},
 adsurl = {https://ui.adsabs.harvard.edu/abs/2015PhR...558....1T},
 archiveprefix = {arXiv},
 author = {{Troxel}, M.~A. and {Ishak}, Mustapha},
 doi = {10.1016/j.physrep.2014.11.001},
 eprint = {1407.6990},
 journal = {\physrep},
 keywords = {Weak gravitational lensing, Intrinsic alignment, Cosmology, Large-scale structure, Astrophysics - Cosmology and Nongalactic Astrophysics, Astrophysics - Astrophysics of Galaxies, General Relativity and Quantum Cosmology},
 month = {Feb},
 pages = {1-59},
 primaryclass = {astro-ph.CO},
 title = {{The intrinsic alignment of galaxies and its impact on weak gravitational lensing in an era of precision cosmology}},
 volume = {558},
 year = {2015}
}

@article{Wright:2018,
 adsnote = {Provided by the SAO/NASA Astrophysics Data System},
 adsurl = {https://ui.adsabs.harvard.edu/abs/2018arXiv181206077W},
 archiveprefix = {arXiv},
 author = {{Wright}, Angus H. and {Hildebrandt}, Hendrik and {Kuijken}, Konrad and
{Erben}, Thomas and {Blake}, Robert and {Buddelmeijer}, Hugo and
{Choi}, Ami and {Cross}, Nicholas and {de Jong}, Jelte T.~A. and
{Edge}, Alastair},
 eid = {arXiv:1812.06077},
 eprint = {1812.06077},
 journal = {arXiv e-prints},
 keywords = {Astrophysics - Cosmology and Nongalactic Astrophysics, Astrophysics - Astrophysics of Galaxies, Astrophysics - Instrumentation and Methods for Astrophysics},
 month = {Dec},
 pages = {arXiv:1812.06077},
 primaryclass = {astro-ph.CO},
 title = {{KiDS+VIKING-450: A new combined optical \&amp; near-IR dataset for cosmology and astrophysics}},
 year = {2018}
}

