@ARTICLE{2013Msngr.154...44D,
   author = {{de Jong}, J.~T.~A. and {Kuijken}, K. and {Applegate}, D. and 
	{Begeman}, K. and {Belikov}, A. and {Blake}, C. and {Bout}, J. and 
	{Boxhoorn}, D. and {Buddelmeijer}, H. and {Buddendiek}, A. and 
	{Cacciato}, M. and {Capaccioli}, M. and {Choi}, A. and {Cordes}, O. and 
	{Covone}, G. and {Dall'Ora}, M. and {Edge}, A. and {Erben}, T. and 
	{Franse}, J. and {Getman}, F. and {Grado}, A. and {Harnois-Deraps}, J. and 
	{Helmich}, E. and {Herbonnet}, R. and {Heymans}, C. and {Hildebrandt}, H. and 
	{Hoekstra}, H. and {Huang}, Z. and {Irisarri}, N. and {Joachimi}, B. and 
	{K{\"o}hlinger}, F. and {Kitching}, T. and {La Barbera}, F. and 
	{Lacerda}, P. and {McFarland}, J. and {Miller}, L. and {Nakajima}, R. and 
	{Napolitano}, N.~R. and {Paolillo}, M. and {Peacock}, J. and 
	{Pila-Diez}, B. and {Puddu}, E. and {Radovich}, M. and {Rifatto}, A. and 
	{Schneider}, P. and {Schrabback}, T. and {Sifon}, C. and {Sikkema}, G. and 
	{Simon}, P. and {Sutherland}, W. and {Tudorica}, A. and {Valentijn}, E. and 
	{van der Burg}, R. and {van Uitert}, E. and {van Waerbeke}, L. and 
	{Velander}, M. and {Verdoes Kleijn}, G. and {Viola}, M. and 
	{Vriend}, W.-J.},
    title = "{The Kilo-Degree Survey}",
  journal = {The Messenger},
     year = 2013,
    month = dec,
   volume = 154,
    pages = {44-46},
   adsurl = {http://adsabs.harvard.edu/abs/2013Msngr.154...44D},
  adsnote = {Provided by the SAO/NASA Astrophysics Data System}
}


@ARTICLE{2002A&A...389..729S,
   author = {{Schneider}, P. and {van Waerbeke}, L. and {Mellier}, Y.},
    title = "{B-modes in cosmic shear from source redshift clustering}",
  journal = {\aap},
   eprint = {astro-ph/0112441},
 keywords = {cosmology, gravitational lensing, large-scale structure of the Universe},
     year = 2002,
    month = jul,
   volume = 389,
    pages = {729-741},
      doi = {10.1051/0004-6361:20020626},
   adsurl = {http://adsabs.harvard.edu/abs/2002A%26A...389..729S},
  adsnote = {Provided by the SAO/NASA Astrophysics Data System}
}

@ARTICLE{1993ApJ...404..441K,
   author = {{Kaiser}, N. and {Squires}, G.},
    title = "{Mapping the dark matter with weak gravitational lensing}",
  journal = {\apj},
 keywords = {Cosmology, Dark Matter, Galactic Clusters, Gravitational Lenses, Ellipticity, Galactic Mass, Mass Distribution},
     year = 1993,
    month = feb,
   volume = 404,
    pages = {441-450},
      doi = {10.1086/172297},
   adsurl = {http://adsabs.harvard.edu/abs/1993ApJ...404..441K},
  adsnote = {Provided by the SAO/NASA Astrophysics Data System}
}


@ARTICLE{2017MNRAS.465.1454H,
   author = {{Hildebrandt}, H. and {Viola}, M. and {Heymans}, C. and {Joudaki}, S. and 
	{Kuijken}, K. and {Blake}, C. and {Erben}, T. and {Joachimi}, B. and 
	{Klaes}, D. and {Miller}, L. and {Morrison}, C.~B. and {Nakajima}, R. and 
	{Verdoes Kleijn}, G. and {Amon}, A. and {Choi}, A. and {Covone}, G. and 
	{de Jong}, J.~T.~A. and {Dvornik}, A. and {Fenech Conti}, I. and 
	{Grado}, A. and {Harnois-D{\'e}raps}, J. and {Herbonnet}, R. and 
	{Hoekstra}, H. and {K{\"o}hlinger}, F. and {McFarland}, J. and 
	{Mead}, A. and {Merten}, J. and {Napolitano}, N. and {Peacock}, J.~A. and 
	{Radovich}, M. and {Schneider}, P. and {Simon}, P. and {Valentijn}, E.~A. and 
	{van den Busch}, J.~L. and {van Uitert}, E. and {Van Waerbeke}, L.
	},
    title = "{KiDS-450: cosmological parameter constraints from tomographic weak gravitational lensing}",
  journal = {\mnras},
archivePrefix = "arXiv",
   eprint = {1606.05338},
 keywords = {gravitational lensing: weak, surveys, galaxies: photometry, cosmology: observations},
     year = 2017,
    month = feb,
   volume = 465,
    pages = {1454-1498},
      doi = {10.1093/mnras/stw2805},
   adsurl = {http://adsabs.harvard.edu/abs/2017MNRAS.465.1454H},
  adsnote = {Provided by the SAO/NASA Astrophysics Data System}
}

@ARTICLE{2018arXiv180706209P,
   author = {{Planck Collaboration} and {Aghanim}, N. and {Akrami}, Y. and 
	{Ashdown}, M. and {Aumont}, J. and {Baccigalupi}, C. and {Ballardini}, M. and 
	{Banday}, A.~J. and {Barreiro}, R.~B. and {Bartolo}, N. and 
	{Basak}, S. and {Battye}, R. and {Benabed}, K. and {Bernard}, J.-P. and 
	{Bersanelli}, M. and {Bielewicz}, P. and {Bock}, J.~J. and {Bond}, J.~R. and 
	{Borrill}, J. and {Bouchet}, F.~R. and {Boulanger}, F. and {Bucher}, M. and 
	{Burigana}, C. and {Butler}, R.~C. and {Calabrese}, E. and {Cardoso}, J.-F. and 
	{Carron}, J. and {Challinor}, A. and {Chiang}, H.~C. and {Chluba}, J. and 
	{Colombo}, L.~P.~L. and {Combet}, C. and {Contreras}, D. and 
	{Crill}, B.~P. and {Cuttaia}, F. and {de Bernardis}, P. and 
	{de Zotti}, G. and {Delabrouille}, J. and {Delouis}, J.-M. and 
	{Di Valentino}, E. and {Diego}, J.~M. and {Dor{\'e}}, O. and 
	{Douspis}, M. and {Ducout}, A. and {Dupac}, X. and {Dusini}, S. and 
	{Efstathiou}, G. and {Elsner}, F. and {En{\ss}lin}, T.~A. and 
	{Eriksen}, H.~K. and {Fantaye}, Y. and {Farhang}, M. and {Fergusson}, J. and 
	{Fernandez-Cobos}, R. and {Finelli}, F. and {Forastieri}, F. and 
	{Frailis}, M. and {Franceschi}, E. and {Frolov}, A. and {Galeotta}, S. and 
	{Galli}, S. and {Ganga}, K. and {G{\'e}nova-Santos}, R.~T. and 
	{Gerbino}, M. and {Ghosh}, T. and {Gonz{\'a}lez-Nuevo}, J. and 
	{G{\'o}rski}, K.~M. and {Gratton}, S. and {Gruppuso}, A. and 
	{Gudmundsson}, J.~E. and {Hamann}, J. and {Handley}, W. and 
	{Herranz}, D. and {Hivon}, E. and {Huang}, Z. and {Jaffe}, A.~H. and 
	{Jones}, W.~C. and {Karakci}, A. and {Keih{\"a}nen}, E. and 
	{Keskitalo}, R. and {Kiiveri}, K. and {Kim}, J. and {Kisner}, T.~S. and 
	{Knox}, L. and {Krachmalnicoff}, N. and {Kunz}, M. and {Kurki-Suonio}, H. and 
	{Lagache}, G. and {Lamarre}, J.-M. and {Lasenby}, A. and {Lattanzi}, M. and 
	{Lawrence}, C.~R. and {Le Jeune}, M. and {Lemos}, P. and {Lesgourgues}, J. and 
	{Levrier}, F. and {Lewis}, A. and {Liguori}, M. and {Lilje}, P.~B. and 
	{Lilley}, M. and {Lindholm}, V. and {L{\'o}pez-Caniego}, M. and 
	{Lubin}, P.~M. and {Ma}, Y.-Z. and {Mac{\'{\i}}as-P{\'e}rez}, J.~F. and 
	{Maggio}, G. and {Maino}, D. and {Mandolesi}, N. and {Mangilli}, A. and 
	{Marcos-Caballero}, A. and {Maris}, M. and {Martin}, P.~G. and 
	{Martinelli}, M. and {Mart{\'{\i}}nez-Gonz{\'a}lez}, E. and 
	{Matarrese}, S. and {Mauri}, N. and {McEwen}, J.~D. and {Meinhold}, P.~R. and 
	{Melchiorri}, A. and {Mennella}, A. and {Migliaccio}, M. and 
	{Millea}, M. and {Mitra}, S. and {Miville-Desch{\^e}nes}, M.-A. and 
	{Molinari}, D. and {Montier}, L. and {Morgante}, G. and {Moss}, A. and 
	{Natoli}, P. and {N{\o}rgaard-Nielsen}, H.~U. and {Pagano}, L. and 
	{Paoletti}, D. and {Partridge}, B. and {Patanchon}, G. and {Peiris}, H.~V. and 
	{Perrotta}, F. and {Pettorino}, V. and {Piacentini}, F. and 
	{Polastri}, L. and {Polenta}, G. and {Puget}, J.-L. and {Rachen}, J.~P. and 
	{Reinecke}, M. and {Remazeilles}, M. and {Renzi}, A. and {Rocha}, G. and 
	{Rosset}, C. and {Roudier}, G. and {Rubi{\~n}o-Mart{\'{\i}}n}, J.~A. and 
	{Ruiz-Granados}, B. and {Salvati}, L. and {Sandri}, M. and {Savelainen}, M. and 
	{Scott}, D. and {Shellard}, E.~P.~S. and {Sirignano}, C. and 
	{Sirri}, G. and {Spencer}, L.~D. and {Sunyaev}, R. and {Suur-Uski}, A.-S. and 
	{Tauber}, J.~A. and {Tavagnacco}, D. and {Tenti}, M. and {Toffolatti}, L. and 
	{Tomasi}, M. and {Trombetti}, T. and {Valenziano}, L. and {Valiviita}, J. and 
	{Van Tent}, B. and {Vibert}, L. and {Vielva}, P. and {Villa}, F. and 
	{Vittorio}, N. and {Wandelt}, B.~D. and {Wehus}, I.~K. and {White}, M. and 
	{White}, S.~D.~M. and {Zacchei}, A. and {Zonca}, A.},
    title = "{Planck 2018 results. VI. Cosmological parameters}",
  journal = {ArXiv e-prints},
archivePrefix = "arXiv",
   eprint = {1807.06209},
 keywords = {Astrophysics - Cosmology and Nongalactic Astrophysics},
     year = 2018,
    month = jul,
   adsurl = {http://adsabs.harvard.edu/abs/2018arXiv180706209P},
  adsnote = {Provided by the SAO/NASA Astrophysics Data System}
}

@ARTICLE{2010A&A...520A.116S,
   author = {{Schneider}, P. and {Eifler}, T. and {Krause}, E.},
    title = "{COSEBIs: Extracting the full E-/B-mode information from cosmic shear correlation functions}",
  journal = {\aap},
archivePrefix = "arXiv",
   eprint = {1002.2136},
 keywords = {large-scale structure of Universe, gravitational lensing: weak, cosmological parameters, methods: statistical},
     year = 2010,
    month = sep,
   volume = 520,
      eid = {A116},
    pages = {A116},
      doi = {10.1051/0004-6361/201014235},
   adsurl = {http://adsabs.harvard.edu/abs/2010A%26A...520A.116S},
  adsnote = {Provided by the SAO/NASA Astrophysics Data System}
}


@ARTICLE{2013MNRAS.432.2433H,
   author = {{Heymans}, C. and {Grocutt}, E. and {Heavens}, A. and {Kilbinger}, M. and 
	{Kitching}, T.~D. and {Simpson}, F. and {Benjamin}, J. and {Erben}, T. and 
	{Hildebrandt}, H. and {Hoekstra}, H. and {Mellier}, Y. and {Miller}, L. and 
	{Van Waerbeke}, L. and {Brown}, M.~L. and {Coupon}, J. and {Fu}, L. and 
	{Harnois-D{\'e}raps}, J. and {Hudson}, M.~J. and {Kuijken}, K. and 
	{Rowe}, B. and {Schrabback}, T. and {Semboloni}, E. and {Vafaei}, S. and 
	{Velander}, M.},
    title = "{CFHTLenS tomographic weak lensing cosmological parameter constraints: Mitigating the impact of intrinsic galaxy alignments}",
  journal = {\mnras},
archivePrefix = "arXiv",
   eprint = {1303.1808},
 keywords = {cosmology: observations},
     year = 2013,
    month = jul,
   volume = 432,
    pages = {2433-2453},
      doi = {10.1093/mnras/stt601},
   adsurl = {http://adsabs.harvard.edu/abs/2013MNRAS.432.2433H},
  adsnote = {Provided by the SAO/NASA Astrophysics Data System}
}

@ARTICLE{2018PhRvD..98d3528T,
   author = {{Troxel}, M.~A. and {MacCrann}, N. and {Zuntz}, J. and {Eifler}, T.~F. and 
	{Krause}, E. and {Dodelson}, S. and {Gruen}, D. and {Blazek}, J. and 
	{Friedrich}, O. and {Samuroff}, S. and {Prat}, J. and {Secco}, L.~F. and 
	{Davis}, C. and {Fert{\'e}}, A. and {DeRose}, J. and {Alarcon}, A. and 
	{Amara}, A. and {Baxter}, E. and {Becker}, M.~R. and {Bernstein}, G.~M. and 
	{Bridle}, S.~L. and {Cawthon}, R. and {Chang}, C. and {Choi}, A. and 
	{De Vicente}, J. and {Drlica-Wagner}, A. and {Elvin-Poole}, J. and 
	{Frieman}, J. and {Gatti}, M. and {Hartley}, W.~G. and {Honscheid}, K. and 
	{Hoyle}, B. and {Huff}, E.~M. and {Huterer}, D. and {Jain}, B. and 
	{Jarvis}, M. and {Kacprzak}, T. and {Kirk}, D. and {Kokron}, N. and 
	{Krawiec}, C. and {Lahav}, O. and {Liddle}, A.~R. and {Peacock}, J. and 
	{Rau}, M.~M. and {Refregier}, A. and {Rollins}, R.~P. and {Rozo}, E. and 
	{Rykoff}, E.~S. and {S{\'a}nchez}, C. and {Sevilla-Noarbe}, I. and 
	{Sheldon}, E. and {Stebbins}, A. and {Varga}, T.~N. and {Vielzeuf}, P. and 
	{Wang}, M. and {Wechsler}, R.~H. and {Yanny}, B. and {Abbott}, T.~M.~C. and 
	{Abdalla}, F.~B. and {Allam}, S. and {Annis}, J. and {Bechtol}, K. and 
	{Benoit-L{\'e}vy}, A. and {Bertin}, E. and {Brooks}, D. and 
	{Buckley-Geer}, E. and {Burke}, D.~L. and {Carnero Rosell}, A. and 
	{Carrasco Kind}, M. and {Carretero}, J. and {Castander}, F.~J. and 
	{Crocce}, M. and {Cunha}, C.~E. and {D'Andrea}, C.~B. and {da Costa}, L.~N. and 
	{DePoy}, D.~L. and {Desai}, S. and {Diehl}, H.~T. and {Dietrich}, J.~P. and 
	{Doel}, P. and {Fernandez}, E. and {Flaugher}, B. and {Fosalba}, P. and 
	{Garc{\'{\i}}a-Bellido}, J. and {Gaztanaga}, E. and {Gerdes}, D.~W. and 
	{Giannantonio}, T. and {Goldstein}, D.~A. and {Gruendl}, R.~A. and 
	{Gschwend}, J. and {Gutierrez}, G. and {James}, D.~J. and {Jeltema}, T. and 
	{Johnson}, M.~W.~G. and {Johnson}, M.~D. and {Kent}, S. and 
	{Kuehn}, K. and {Kuhlmann}, S. and {Kuropatkin}, N. and {Li}, T.~S. and 
	{Lima}, M. and {Lin}, H. and {Maia}, M.~A.~G. and {March}, M. and 
	{Marshall}, J.~L. and {Martini}, P. and {Melchior}, P. and {Menanteau}, F. and 
	{Miquel}, R. and {Mohr}, J.~J. and {Neilsen}, E. and {Nichol}, R.~C. and 
	{Nord}, B. and {Petravick}, D. and {Plazas}, A.~A. and {Romer}, A.~K. and 
	{Roodman}, A. and {Sako}, M. and {Sanchez}, E. and {Scarpine}, V. and 
	{Schindler}, R. and {Schubnell}, M. and {Smith}, M. and {Smith}, R.~C. and 
	{Soares-Santos}, M. and {Sobreira}, F. and {Suchyta}, E. and 
	{Swanson}, M.~E.~C. and {Tarle}, G. and {Thomas}, D. and {Tucker}, D.~L. and 
	{Vikram}, V. and {Walker}, A.~R. and {Weller}, J. and {Zhang}, Y. and 
	{DES Collaboration}},
    title = "{Dark Energy Survey Year 1 results: Cosmological constraints from cosmic shear}",
  journal = {\prd},
archivePrefix = "arXiv",
   eprint = {1708.01538},
     year = 2018,
    month = aug,
   volume = 98,
   number = 4,
      eid = {043528},
    pages = {043528},
      doi = {10.1103/PhysRevD.98.043528},
   adsurl = {http://adsabs.harvard.edu/abs/2018PhRvD..98d3528T},
  adsnote = {Provided by the SAO/NASA Astrophysics Data System}
}


@ARTICLE{2001PhR...340..291B,
   author = {{Bartelmann}, M. and {Schneider}, P.},
    title = "{Weak gravitational lensing}",
  journal = {\physrep},
   eprint = {astro-ph/9912508},
     year = 2001,
    month = jan,
   volume = 340,
    pages = {291-472},
      doi = {10.1016/S0370-1573(00)00082-X},
   adsurl = {http://adsabs.harvard.edu/abs/2001PhR...340..291B},
  adsnote = {Provided by the SAO/NASA Astrophysics Data System}
}



@ARTICLE{2018arXiv181206076H,
   author = {{Hildebrandt}, H. and {K{\"o}hlinger}, F. and {van den Busch}, J.~L. and 
	{Joachimi}, B. and {Heymans}, C. and {Kannawadi}, A. and {Wright}, A.~H. and 
	{Asgari}, M. and {Blake}, C. and {Hoekstra}, H. and {Joudaki}, S. and 
	{Kuijken}, K. and {Miller}, L. and {Morrison}, C.~B. and {Tr{\"o}ster}, T. and 
	{Amon}, A. and {Archidiacono}, M. and {Brieden}, S. and {Choi}, A. and 
	{de Jong}, J.~T.~A. and {Erben}, T. and {Giblin}, B. and {Mead}, A. and 
	{Peacock}, J.~A. and {Radovich}, M. and {Schneider}, P. and 
	{Sif{\'o}n}, C. and {Tewes}, M.},
    title = "{KiDS+VIKING-450: Cosmic shear tomography with optical+infrared data}",
  journal = {arXiv e-prints},
archivePrefix = "arXiv",
   eprint = {1812.06076},
 keywords = {Astrophysics - Cosmology and Nongalactic Astrophysics},
     year = 2018,
    month = dec,
   adsurl = {http://adsabs.harvard.edu/abs/2018arXiv181206076H},
  adsnote = {Provided by the SAO/NASA Astrophysics Data System}
}


@ARTICLE{2018arXiv181110596A,
   author = {{Asgari}, M. and {Heymans}, C.},
    title = "{Dark Energy Survey Year 1: An independent E/B-mode cosmic shear analysis}",
  journal = {arXiv e-prints},
archivePrefix = "arXiv",
   eprint = {1811.10596},
 keywords = {Astrophysics - Cosmology and Nongalactic Astrophysics},
     year = 2018,
    month = nov,
   adsurl = {http://adsabs.harvard.edu/abs/2018arXiv181110596A},
  adsnote = {Provided by the SAO/NASA Astrophysics Data System}
}


@ARTICLE{2017MNRAS.464.1676A,
   author = {{Asgari}, M. and {Heymans}, C. and {Blake}, C. and {Harnois-Deraps}, J. and 
	{Schneider}, P. and {Van Waerbeke}, L.},
    title = "{Revisiting CFHTLenS cosmic shear: optimal E/B mode decomposition using COSEBIs and compressed COSEBIs}",
  journal = {\mnras},
archivePrefix = "arXiv",
   eprint = {1601.00115},
 keywords = {gravitational lensing: weak, methods: data analysis, cosmology: observations, large-scale structure of Universe},
     year = 2017,
    month = jan,
   volume = 464,
    pages = {1676-1692},
      doi = {10.1093/mnras/stw2436},
   adsurl = {http://adsabs.harvard.edu/abs/2017MNRAS.464.1676A},
  adsnote = {Provided by the SAO/NASA Astrophysics Data System}
}

@ARTICLE{2006APh....26...91V,
   author = {{Van Waerbeke}, L. and {White}, M. and {Hoekstra}, H. and {Heymans}, C.
	},
    title = "{Redshift and shear calibration: Impact on cosmic shear studies and survey design}",
  journal = {Astroparticle Physics},
   eprint = {astro-ph/0603696},
     year = 2006,
    month = sep,
   volume = 26,
    pages = {91-101},
      doi = {10.1016/j.astropartphys.2006.05.008},
   adsurl = {http://adsabs.harvard.edu/abs/2006APh....26...91V},
  adsnote = {Provided by the SAO/NASA Astrophysics Data System}
}


@ARTICLE{2018arXiv180909148H,
   author = {{Hikage}, C. and {Oguri}, M. and {Hamana}, T. and {More}, S. and 
	{Mandelbaum}, R. and {Takada}, M. and {K{\"o}hlinger}, F. and 
	{Miyatake}, H. and {Nishizawa}, A.~J. and {Aihara}, H. and {Armstrong}, R. and 
	{Bosch}, J. and {Coupon}, J. and {Ducout}, A. and {Ho}, P. and 
	{Hsieh}, B.-C. and {Komiyama}, Y. and {Lanusse}, F. and {Leauthaud}, A. and 
	{Lupton}, R.~H. and {Medezinski}, E. and {Mineo}, S. and {Miyama}, S. and 
	{Miyazaki}, S. and {Murata}, R. and {Murayama}, H. and {Shirasaki}, M. and 
	{Sif{\'o}n}, C. and {Simet}, M. and {Speagle}, J. and {Spergel}, D.~N. and 
	{Strauss}, M.~A. and {Sugiyama}, N. and {Tanaka}, M. and {Utsumi}, Y. and 
	{Wang}, S.-Y. and {Yamada}, Y.},
    title = "{Cosmology from cosmic shear power spectra with Subaru Hyper Suprime-Cam first-year data}",
  journal = {\pasj},
archivePrefix = "arXiv",
   eprint = {1809.09148},
 keywords = {dark matter, gravitational lensing: weak, large-scale structure of universe},
     year = 2019,
    month = mar,
      doi = {10.1093/pasj/psz010},
   adsurl = {http://adsabs.harvard.edu/abs/2019PASJ..tmp...22H},
  adsnote = {Provided by the SAO/NASA Astrophysics Data System}
}

@ARTICLE{2002ApJ...568...20C,
   author = {{Crittenden}, R.~G. and {Natarajan}, P. and {Pen}, U.-L. and 
	{Theuns}, T.},
    title = "{Discriminating Weak Lensing from Intrinsic Spin Correlations Using the Curl-Gradient Decomposition}",
  journal = {\apj},
   eprint = {astro-ph/0012336},
 keywords = {Cosmology: Cosmic Microwave Background, Cosmology: Theory, Cosmology: Gravitational Lensing},
     year = 2002,
    month = mar,
   volume = 568,
    pages = {20-27},
      doi = {10.1086/338838},
   adsurl = {http://adsabs.harvard.edu/abs/2002ApJ...568...20C},
  adsnote = {Provided by the SAO/NASA Astrophysics Data System}
}


@ARTICLE{1929CoMtW...3...23H,
   author = {{Hubble}, E.},
    title = "{A Relation between Distance and Radial Velocity among Extra-Galactic Nebulae}",
  journal = {Contributions from the Mount Wilson Observatory, vol.~3, pp.23-28},
 keywords = {Galaxies:  Hubble's Law},
     year = 1929,
   volume = 3,
    pages = {23-28},
   adsurl = {http://adsabs.harvard.edu/abs/1929CoMtW...3...23H},
  adsnote = {Provided by the SAO/NASA Astrophysics Data System}
}

@BOOK{2015eaci.book.....S,
   author = {{Schneider}, P.},
    title = "{Extragalactic Astronomy and Cosmology: An Introduction}",
 keywords = {Physics},
booktitle = {Extragalactic Astronomy and Cosmology: An Introduction, ISBN 978-3-642-54082-0.~Springer-Verlag Berlin Heidelberg, 2015},
     year = 2015,
      doi = {10.1007/978-3-642-54083-7},
   adsurl = {http://adsabs.harvard.edu/abs/2015eaci.book.....S},
  adsnote = {Provided by the SAO/NASA Astrophysics Data System}
}

@BOOK{lectgravlens,
author = {{Schn{}eider}, P.},
title = "{Gravitational lensing -- Leture Notes}",
year = 2012,
}

@ARTICLE{2012ApJ...761..152T,
   author = {{Takahashi}, R. and {Sato}, M. and {Nishimichi}, T. and {Taruya}, A. and 
	{Oguri}, M.},
    title = "{Revising the Halofit Model for the Nonlinear Matter Power Spectrum}",
  journal = {\apj},
archivePrefix = "arXiv",
   eprint = {1208.2701},
 keywords = {cosmology: theory, large-scale structure of universe, methods: numerical},
     year = 2012,
    month = dec,
   volume = 761,
      eid = {152},
    pages = {152},
      doi = {10.1088/0004-637X/761/2/152},
   adsurl = {http://adsabs.harvard.edu/abs/2012ApJ...761..152T},
  adsnote = {Provided by the SAO/NASA Astrophysics Data System}
}

@ARTICLE{2014ApJ...780..111H,
   author = {{Heitmann}, K. and {Lawrence}, E. and {Kwan}, J. and {Habib}, S. and 
	{Higdon}, D.},
    title = "{The Coyote Universe Extended: Precision Emulation of the Matter Power Spectrum}",
  journal = {\apj},
archivePrefix = "arXiv",
   eprint = {1304.7849},
 keywords = {large-scale structure of universe, methods: statistical},
     year = 2014,
    month = jan,
   volume = 780,
      eid = {111},
    pages = {111},
      doi = {10.1088/0004-637X/780/1/111},
   adsurl = {http://adsabs.harvard.edu/abs/2014ApJ...780..111H},
  adsnote = {Provided by the SAO/NASA Astrophysics Data System}
}

@ARTICLE{1996MNRAS.282..263E,
   author = {{Eke}, V.~R. and {Cole}, S. and {Frenk}, C.~S.},
    title = "{Cluster evolution as a diagnostic for Omega}",
  journal = {\mnras},
   eprint = {astro-ph/9601088},
     year = 1996,
    month = sep,
   volume = 282,
      doi = {10.1093/mnras/282.1.263},
   adsurl = {http://adsabs.harvard.edu/abs/1996MNRAS.282..263E},
  adsnote = {Provided by the SAO/NASA Astrophysics Data System}
}

@ARTICLE{1920RSPTA.220..291D,
   author = {{Dyson}, F.~W. and {Eddington}, A.~S. and {Davidson}, C.},
    title = "{A Determination of the Deflection of Light by the Sun's Gravitational Field, from Observations Made at the Total Eclipse of May 29, 1919}",
  journal = {Philosophical Transactions of the Royal Society of London Series A},
     year = 1920,
   volume = 220,
    pages = {291-333},
      doi = {10.1098/rsta.1920.0009},
   adsurl = {http://adsabs.harvard.edu/abs/1920RSPTA.220..291D},
  adsnote = {Provided by the SAO/NASA Astrophysics Data System}
}

@ARTICLE{1995A&A...299....1S,
   author = {{Schramm}, T. and {Kayser}, R.},
    title = "{The complex theory of gravitational lensing. Beltrami equation and cluster lensing.}",
  journal = {\aap},
   eprint = {astro-ph/9408064},
 keywords = {METHODS: ANALYTICAL, METHODS: NUMERICAL, GALAXIES: CLUSTERS OF, GRAVITATIONAL LENSING},
     year = 1995,
    month = jul,
   volume = 299,
    pages = {1},
   adsurl = {http://adsabs.harvard.edu/abs/1995A%26A...299....1S},
  adsnote = {Provided by the SAO/NASA Astrophysics Data System}
}


@ARTICLE{1997A&A...318..687S,
   author = {{Seitz}, C. and {Schneider}, P.},
    title = "{Steps towards nonlinear cluster inversion through gravitational distortions. III. Including a redshift distribution of the sources.}",
  journal = {\aap},
   eprint = {astro-ph/9601079},
 keywords = {GRAVITATIONAL LENSING, DARK MATTER, COSMOLOGY: OBSERVATIONS, GALAXIES: CLUSTERS OF},
     year = 1997,
    month = feb,
   volume = 318,
    pages = {687-699},
   adsurl = {http://adsabs.harvard.edu/abs/1997A%26A...318..687S},
  adsnote = {Provided by the SAO/NASA Astrophysics Data System}
}

@ARTICLE{1992ApJ...388..272K,
   author = {{Kaiser}, N.},
    title = "{Weak gravitational lensing of distant galaxies}",
  journal = {\apj},
 keywords = {Galactic Clusters, Galactic Structure, Gravitational Lenses, Mass Distribution, Power Spectra, Quasars, Spatial Distribution, Universe},
     year = 1992,
    month = apr,
   volume = 388,
    pages = {272-286},
      doi = {10.1086/171151},
   adsurl = {http://adsabs.harvard.edu/abs/1992ApJ...388..272K},
  adsnote = {Provided by the SAO/NASA Astrophysics Data System}
}

@ARTICLE{2001A&A...374..740S,
   author = {{Seitz}, S. and {Schneider}, P.},
    title = "{A new finite-field mass reconstruction algorithm}",
  journal = {\aap},
 keywords = {COSMOLOGY: THEORY, METHODS: NUMERICAL},
     year = 2001,
    month = aug,
   volume = 374,
    pages = {740-745},
      doi = {10.1051/0004-6361:20010493},
   adsurl = {http://adsabs.harvard.edu/abs/2001A%26A...374..740S},
  adsnote = {Provided by the SAO/NASA Astrophysics Data System}
}

@ARTICLE{2007A&A...462..841S,
   author = {{Schneider}, P. and {Kilbinger}, M.},
    title = "{The ring statistics - how to separate E- and B-modes of cosmic shear correlation functions on a finite interval}",
  journal = {\aap},
   eprint = {astro-ph/0605084},
 keywords = {methods: statistical, gravitational lensing, cosmology: large-scale, structure of the Universe, cosmology: dark matter},
     year = 2007,
    month = feb,
   volume = 462,
    pages = {841-849},
      doi = {10.1051/0004-6361:20065532},
   adsurl = {http://adsabs.harvard.edu/abs/2007A%26A...462..841S},
  adsnote = {Provided by the SAO/NASA Astrophysics Data System}
}

@ARTICLE{2019MNRAS.484L..59A,
   author = {{Asgari}, M. and {Heymans}, C.},
    title = "{Dark Energy Survey Year 1: An independent E/B-mode cosmic shear analysis}",
  journal = {\mnras},
archivePrefix = "arXiv",
   eprint = {1811.10596},
 keywords = {Gravitational lensing: weak},
     year = 2019,
    month = mar,
   volume = 484,
    pages = {L59-L63},
      doi = {10.1093/mnrasl/slz006},
   adsurl = {http://adsabs.harvard.edu/abs/2019MNRAS.484L..59A},
  adsnote = {Provided by the SAO/NASA Astrophysics Data System}
}


@ARTICLE{2018arXiv181002353A,
   author = {{Asgari}, M. and {Heymans}, C. and {Hildebrandt}, H. and {Miller}, L. and 
	{Schneider}, P. and {Amon}, A. and {Choi}, A. and {Erben}, T. and 
	{Georgiou}, C. and {Harnois-Deraps}, J. and {Kuijken}, K.},
    title = "{Consistent cosmic shear in the face of systematics: a B-mode analysis of KiDS-450, DES-SV and CFHTLenS}",
  journal = {arXiv e-prints},
archivePrefix = "arXiv",
   eprint = {1810.02353},
 keywords = {Astrophysics - Cosmology and Nongalactic Astrophysics},
     year = 2018,
    month = oct,
   adsurl = {http://adsabs.harvard.edu/abs/2018arXiv181002353A},
  adsnote = {Provided by the SAO/NASA Astrophysics Data System}
}

@ARTICLE{2017MNRAS.471.4412K,
   author = {{K{\"o}hlinger}, F. and {Viola}, M. and {Joachimi}, B. and {Hoekstra}, H. and 
	{van Uitert}, E. and {Hildebrandt}, H. and {Choi}, A. and {Erben}, T. and 
	{Heymans}, C. and {Joudaki}, S. and {Klaes}, D. and {Kuijken}, K. and 
	{Merten}, J. and {Miller}, L. and {Schneider}, P. and {Valentijn}, E.~A.
	},
    title = "{KiDS-450: the tomographic weak lensing power spectrum and constraints on cosmological parameters}",
  journal = {\mnras},
archivePrefix = "arXiv",
   eprint = {1706.02892},
 keywords = {gravitational lensing: weak, cosmological parameters, cosmology: observations, large-scale structure of Universe},
     year = 2017,
    month = nov,
   volume = 471,
    pages = {4412-4435},
      doi = {10.1093/mnras/stx1820},
   adsurl = {http://adsabs.harvard.edu/abs/2017MNRAS.471.4412K},
  adsnote = {Provided by the SAO/NASA Astrophysics Data System}
}

@BOOK{2001fuco.book.....R,
   author = {{Rich}, J.},
    title = "{Fundamentals of Cosmology}",
 keywords = {Cosmology, Gravitation, General Relativity, Particle Physics, Gravitation and General Relativity},
booktitle = {Fundamentals of cosmology / James Rich, Physics and astronomy online library.~Berlin: Springer.~ISBN 3-540-41350-2, 2001, XI + 302 pp.~With 68 problems and 23 selected solutions.~Solutions manual for instructors on request directly from Springer-Verlag},
     year = 2001,
   adsurl = {http://adsabs.harvard.edu/abs/2001fuco.book.....R},
  adsnote = {Provided by the SAO/NASA Astrophysics Data System}
}

@ARTICLE{2018arXiv181206077W,
   author = {{Wright}, A.~H. and {Hildebrandt}, H. and {Kuijken}, K. and 
	{Erben}, T. and {Blake}, R. and {Buddelmeijer}, H. and {Choi}, A. and 
	{Cross}, N. and {de Jong}, J.~T.~A. and {Edge}, A. and {Gonzalez-Fernandez}, C. and 
	{Gonz{\'a}lez Solares}, E. and {Grado}, A. and {Heymans}, C. and 
	{Irwin}, M. and {Kupcu Yoldas}, A. and {Lewis}, J.~R. and {Mann}, R.~G. and 
	{Napolitano}, N. and {Radovich}, M. and {Schneider}, P. and 
	{Sif{\'o}n}, C. and {Sutherland}, W. and {Sutorius}, E. and 
	{Verdoes Kleijn}, G.~A.},
    title = "{KiDS+VIKING-450: A new combined optical {\&} near-IR dataset for cosmology and astrophysics}",
  journal = {arXiv e-prints},
archivePrefix = "arXiv",
   eprint = {1812.06077},
 keywords = {Astrophysics - Cosmology and Nongalactic Astrophysics, Astrophysics - Astrophysics of Galaxies, Astrophysics - Instrumentation and Methods for Astrophysics},
     year = 2018,
    month = dec,
   adsurl = {http://adsabs.harvard.edu/abs/2018arXiv181206077W},
  adsnote = {Provided by the SAO/NASA Astrophysics Data System}
}

@ARTICLE{2018MNRAS.481.1337H,
   author = {{Harnois-D{\'e}raps}, J. and {Amon}, A. and {Choi}, A. and {Demchenko}, V. and 
	{Heymans}, C. and {Kannawadi}, A. and {Nakajima}, R. and {Sirks}, E. and 
	{van Waerbeke}, L. and {Cai}, Y.-C. and {Giblin}, B. and {Hildebrandt}, H. and 
	{Hoekstra}, H. and {Miller}, L. and {Tr{\"o}ster}, T.},
    title = "{Cosmological simulations for combined-probe analyses: covariance and neighbour-exclusion bias}",
  journal = {\mnras},
archivePrefix = "arXiv",
   eprint = {1805.04511},
 keywords = {gravitational lensing: weak, methods: numerical, dark matter, large-scale structure of Universe},
     year = 2018,
    month = nov,
   volume = 481,
    pages = {1337-1367},
      doi = {10.1093/mnras/sty2319},
   adsurl = {http://adsabs.harvard.edu/abs/2018MNRAS.481.1337H},
  adsnote = {Provided by the SAO/NASA Astrophysics Data System}
}

@ARTICLE{2014PhRvL.112e1303B,
   author = {{Battye}, R.~A. and {Moss}, A.},
    title = "{Evidence for Massive Neutrinos from Cosmic Microwave Background and Lensing Observations}",
  journal = {Physical Review Letters},
archivePrefix = "arXiv",
   eprint = {1308.5870},
 keywords = {Observational cosmology, Neutrino mass and mixing, Gravitational lenses and luminous arcs, Background radiations},
     year = 2014,
    month = feb,
   volume = 112,
   number = 5,
      eid = {051303},
    pages = {051303},
      doi = {10.1103/PhysRevLett.112.051303},
   adsurl = {http://adsabs.harvard.edu/abs/2014PhRvL.112e1303B},
  adsnote = {Provided by the SAO/NASA Astrophysics Data System}
}

@ARTICLE{2016A&A...594A..14P,
   author = {{Planck Collaboration} and {Ade}, P.~A.~R. and {Aghanim}, N. and 
	{Arnaud}, M. and {Ashdown}, M. and {Aumont}, J. and {Baccigalupi}, C. and 
	{Banday}, A.~J. and {Barreiro}, R.~B. and {Bartolo}, N. and et al.},
    title = "{Planck 2015 results. XIV. Dark energy and modified gravity}",
  journal = {\aap},
archivePrefix = "arXiv",
   eprint = {1502.01590},
 keywords = {dark energy, cosmic background radiation, cosmology: theory, gravitation},
     year = 2016,
    month = sep,
   volume = 594,
      eid = {A14},
    pages = {A14},
      doi = {10.1051/0004-6361/201525814},
   adsurl = {http://adsabs.harvard.edu/abs/2016A%26A...594A..14P},
  adsnote = {Provided by the SAO/NASA Astrophysics Data System}
}


@ARTICLE{2019arXiv190109488S,
   author = {{Shirasaki}, M. and {Hamana}, T. and {Takada}, M. and {Takahashi}, R. and 
	{Miyatake}, H.},
    title = "{Mock galaxy shape catalogs in the Subaru Hyper Suprime-Cam Survey}",
  journal = {arXiv e-prints},
archivePrefix = "arXiv",
   eprint = {1901.09488},
 keywords = {Astrophysics - Cosmology and Nongalactic Astrophysics},
     year = 2019,
    month = jan,
   adsurl = {http://adsabs.harvard.edu/abs/2019arXiv190109488S},
  adsnote = {Provided by the SAO/NASA Astrophysics Data System}
}


@ARTICLE{2019arXiv190207439B,
   author = {{Blake}, C.},
    title = "{Power spectrum modelling of galaxy and radio intensity maps including observational effects}",
  journal = {arXiv e-prints},
archivePrefix = "arXiv",
   eprint = {1902.07439},
 keywords = {Astrophysics - Cosmology and Nongalactic Astrophysics},
     year = 2019,
    month = feb,
   adsurl = {http://adsabs.harvard.edu/abs/2019arXiv190207439B},
  adsnote = {Provided by the SAO/NASA Astrophysics Data System}
}


@ARTICLE{2016ApJ...818..132A,
   author = {{Addison}, G.~E. and {Huang}, Y. and {Watts}, D.~J. and {Bennett}, C.~L. and 
	{Halpern}, M. and {Hinshaw}, G. and {Weiland}, J.~L.},
    title = "{Quantifying Discordance in the 2015 Planck CMB Spectrum}",
  journal = {\apj},
archivePrefix = "arXiv",
   eprint = {1511.00055},
 keywords = {cosmic background radiation, cosmological parameters, cosmology: observations},
     year = 2016,
    month = feb,
   volume = 818,
      eid = {132},
    pages = {132},
      doi = {10.3847/0004-637X/818/2/132},
   adsurl = {http://adsabs.harvard.edu/abs/2016ApJ...818..132A},
  adsnote = {Provided by the SAO/NASA Astrophysics Data System}
}

@ARTICLE{2013PDU.....2..166V,
   author = {{Verde}, L. and {Protopapas}, P. and {Jimenez}, R.},
    title = "{Planck and the local Universe: Quantifying the tension}",
  journal = {Physics of the Dark Universe},
archivePrefix = "arXiv",
   eprint = {1306.6766},
 primaryClass = "astro-ph.CO",
     year = 2013,
    month = sep,
   volume = 2,
    pages = {166-175},
      doi = {10.1016/j.dark.2013.09.002},
   adsurl = {http://adsabs.harvard.edu/abs/2013PDU.....2..166V},
  adsnote = {Provided by the SAO/NASA Astrophysics Data System}
}






